<?xml version="1.0" encoding="utf-8"?><ENVELOPE><HEADER><TALLYREQUEST>Import Data</TALLYREQUEST></HEADER><BODY><IMPORTDATA><REQUESTDESC><REPORTNAME>Vouchers</REPORTNAME></REQUESTDESC><REQUESTDATA><TALLYMESSAGE xmlns:UDF="TallyUDF"><VOUCHER REMOTEID="June-2021-130317" VCHTYPE="Payroll" ACTION="Create" OBJVIEW="Accounting Voucher View"><DATE>20210630</DATE><VOUCHERTYPENAME>Payroll</VOUCHERTYPENAME><VOUCHERNUMBER>20210630-001</VOUCHERNUMBER><PARTYLEDGERNAME>Islami Bank Bangladesh Limited</PARTYLEDGERNAME><PERSISTEDVIEW>Accounting Voucher View</PERSISTEDVIEW><ALLLEDGERENTRIES.LIST><LEDGERNAME>Islami Bank Bangladesh Limited</LEDGERNAME><ISDEEMEDPOSITIVE>Yes</ISDEEMEDPOSITIVE><AMOUNT>-2145</AMOUNT></ALLLEDGERENTRIES.LIST><ALLLEDGERENTRIES.LIST><LEDGERNAME>G. Contribution of Employee</LEDGERNAME><ISDEEMEDPOSITIVE>No</ISDEEMEDPOSITIVE><AMOUNT>2145</AMOUNT><CATEGORYALLOCATIONS.LIST><CATEGORY>Employees</CATEGORY><ISDEEMEDPOSITIVE>No</ISDEEMEDPOSITIVE><COSTCENTREALLOCATIONS.LIST><NAME>130317</NAME><AMOUNT>2145</AMOUNT></COSTCENTREALLOCATIONS.LIST></CATEGORYALLOCATIONS.LIST></ALLLEDGERENTRIES.LIST></VOUCHER><VOUCHER REMOTEID="June-2021-130380" VCHTYPE="Payroll" ACTION="Create" OBJVIEW="Accounting Voucher View"><DATE>20210630</DATE><VOUCHERTYPENAME>Payroll</VOUCHERTYPENAME><VOUCHERNUMBER>20210630-001</VOUCHERNUMBER><PARTYLEDGERNAME>Islami Bank Bangladesh Limited</PARTYLEDGERNAME><PERSISTEDVIEW>Accounting Voucher View</PERSISTEDVIEW><ALLLEDGERENTRIES.LIST><LEDGERNAME>Islami Bank Bangladesh Limited</LEDGERNAME><ISDEEMEDPOSITIVE>Yes</ISDEEMEDPOSITIVE><AMOUNT>-693</AMOUNT></ALLLEDGERENTRIES.LIST><ALLLEDGERENTRIES.LIST><LEDGERNAME>G. Contribution of Employee</LEDGERNAME><ISDEEMEDPOSITIVE>No</ISDEEMEDPOSITIVE><AMOUNT>693</AMOUNT><CATEGORYALLOCATIONS.LIST><CATEGORY>Employees</CATEGORY><ISDEEMEDPOSITIVE>No</ISDEEMEDPOSITIVE><COSTCENTREALLOCATIONS.LIST><NAME>130380</NAME><AMOUNT>693</AMOUNT></COSTCENTREALLOCATIONS.LIST></CATEGORYALLOCATIONS.LIST></ALLLEDGERENTRIES.LIST></VOUCHER></TALLYMESSAGE></REQUESTDATA></IMPORTDATA></BODY></ENVELOPE>