<?xml version="1.0" encoding="utf-8"?><ENVELOPE><HEADER><TALLYREQUEST>Import Data</TALLYREQUEST></HEADER><BODY><IMPORTDATA><REQUESTDESC><REPORTNAME>Vouchers</REPORTNAME></REQUESTDESC><REQUESTDATA><TALLYMESSAGE xmlns:UDF="TallyUDF"><VOUCHER REMOTEID="120022" VCHTYPE="Payroll" ACTION="Create" OBJVIEW="Accounting Voucher View"><DATE>20210625</DATE><VOUCHERTYPENAME>Payroll</VOUCHERTYPENAME><VOUCHERNUMBER>20210625-001</VOUCHERNUMBER><PARTYLEDGERNAME>Islami Bank Bangladesh Limited</PARTYLEDGERNAME><PERSISTEDVIEW>Accounting Voucher View</PERSISTEDVIEW><ALLLEDGERENTRIES.LIST><LEDGERNAME>Islami Bank Bangladesh Limited</LEDGERNAME><ISDEEMEDPOSITIVE>Yes</ISDEEMEDPOSITIVE><AMOUNT>-1469</AMOUNT></ALLLEDGERENTRIES.LIST><ALLLEDGERENTRIES.LIST><LEDGERNAME>G. Contribution of Employee</LEDGERNAME><ISDEEMEDPOSITIVE>No</ISDEEMEDPOSITIVE><AMOUNT>1469</AMOUNT><CATEGORYALLOCATIONS.LIST><CATEGORY>Employees</CATEGORY><ISDEEMEDPOSITIVE>No</ISDEEMEDPOSITIVE><COSTCENTREALLOCATIONS.LIST><NAME>120022</NAME><AMOUNT>1469</AMOUNT></COSTCENTREALLOCATIONS.LIST></CATEGORYALLOCATIONS.LIST></ALLLEDGERENTRIES.LIST></VOUCHER><VOUCHER REMOTEID="120051" VCHTYPE="Payroll" ACTION="Create" OBJVIEW="Accounting Voucher View"><DATE>20210625</DATE><VOUCHERTYPENAME>Payroll</VOUCHERTYPENAME><VOUCHERNUMBER>20210625-001</VOUCHERNUMBER><PARTYLEDGERNAME>Islami Bank Bangladesh Limited</PARTYLEDGERNAME><PERSISTEDVIEW>Accounting Voucher View</PERSISTEDVIEW><ALLLEDGERENTRIES.LIST><LEDGERNAME>Islami Bank Bangladesh Limited</LEDGERNAME><ISDEEMEDPOSITIVE>Yes</ISDEEMEDPOSITIVE><AMOUNT>-1000</AMOUNT></ALLLEDGERENTRIES.LIST><ALLLEDGERENTRIES.LIST><LEDGERNAME>G. Contribution of Employee</LEDGERNAME><ISDEEMEDPOSITIVE>No</ISDEEMEDPOSITIVE><AMOUNT>1000</AMOUNT><CATEGORYALLOCATIONS.LIST><CATEGORY>Employees</CATEGORY><ISDEEMEDPOSITIVE>No</ISDEEMEDPOSITIVE><COSTCENTREALLOCATIONS.LIST><NAME>120051</NAME><AMOUNT>1000</AMOUNT></COSTCENTREALLOCATIONS.LIST></CATEGORYALLOCATIONS.LIST></ALLLEDGERENTRIES.LIST></VOUCHER><VOUCHER REMOTEID="120235" VCHTYPE="Payroll" ACTION="Create" OBJVIEW="Accounting Voucher View"><DATE>20210625</DATE><VOUCHERTYPENAME>Payroll</VOUCHERTYPENAME><VOUCHERNUMBER>20210625-001</VOUCHERNUMBER><PARTYLEDGERNAME>Islami Bank Bangladesh Limited</PARTYLEDGERNAME><PERSISTEDVIEW>Accounting Voucher View</PERSISTEDVIEW><ALLLEDGERENTRIES.LIST><LEDGERNAME>Islami Bank Bangladesh Limited</LEDGERNAME><ISDEEMEDPOSITIVE>Yes</ISDEEMEDPOSITIVE><AMOUNT>-1287</AMOUNT></ALLLEDGERENTRIES.LIST><ALLLEDGERENTRIES.LIST><LEDGERNAME>G. Contribution of Employee</LEDGERNAME><ISDEEMEDPOSITIVE>No</ISDEEMEDPOSITIVE><AMOUNT>1287</AMOUNT><CATEGORYALLOCATIONS.LIST><CATEGORY>Employees</CATEGORY><ISDEEMEDPOSITIVE>No</ISDEEMEDPOSITIVE><COSTCENTREALLOCATIONS.LIST><NAME>120235</NAME><AMOUNT>1287</AMOUNT></COSTCENTREALLOCATIONS.LIST></CATEGORYALLOCATIONS.LIST></ALLLEDGERENTRIES.LIST></VOUCHER><VOUCHER REMOTEID="120246" VCHTYPE="Payroll" ACTION="Create" OBJVIEW="Accounting Voucher View"><DATE>20210625</DATE><VOUCHERTYPENAME>Payroll</VOUCHERTYPENAME><VOUCHERNUMBER>20210625-001</VOUCHERNUMBER><PARTYLEDGERNAME>Islami Bank Bangladesh Limited</PARTYLEDGERNAME><PERSISTEDVIEW>Accounting Voucher View</PERSISTEDVIEW><ALLLEDGERENTRIES.LIST><LEDGERNAME>Islami Bank Bangladesh Limited</LEDGERNAME><ISDEEMEDPOSITIVE>Yes</ISDEEMEDPOSITIVE><AMOUNT>-1007</AMOUNT></ALLLEDGERENTRIES.LIST><ALLLEDGERENTRIES.LIST><LEDGERNAME>G. Contribution of Employee</LEDGERNAME><ISDEEMEDPOSITIVE>No</ISDEEMEDPOSITIVE><AMOUNT>1007</AMOUNT><CATEGORYALLOCATIONS.LIST><CATEGORY>Employees</CATEGORY><ISDEEMEDPOSITIVE>No</ISDEEMEDPOSITIVE><COSTCENTREALLOCATIONS.LIST><NAME>120246</NAME><AMOUNT>1007</AMOUNT></COSTCENTREALLOCATIONS.LIST></CATEGORYALLOCATIONS.LIST></ALLLEDGERENTRIES.LIST></VOUCHER><VOUCHER REMOTEID="120251" VCHTYPE="Payroll" ACTION="Create" OBJVIEW="Accounting Voucher View"><DATE>20210625</DATE><VOUCHERTYPENAME>Payroll</VOUCHERTYPENAME><VOUCHERNUMBER>20210625-001</VOUCHERNUMBER><PARTYLEDGERNAME>Islami Bank Bangladesh Limited</PARTYLEDGERNAME><PERSISTEDVIEW>Accounting Voucher View</PERSISTEDVIEW><ALLLEDGERENTRIES.LIST><LEDGERNAME>Islami Bank Bangladesh Limited</LEDGERNAME><ISDEEMEDPOSITIVE>Yes</ISDEEMEDPOSITIVE><AMOUNT>-881</AMOUNT></ALLLEDGERENTRIES.LIST><ALLLEDGERENTRIES.LIST><LEDGERNAME>G. Contribution of Employee</LEDGERNAME><ISDEEMEDPOSITIVE>No</ISDEEMEDPOSITIVE><AMOUNT>881</AMOUNT><CATEGORYALLOCATIONS.LIST><CATEGORY>Employees</CATEGORY><ISDEEMEDPOSITIVE>No</ISDEEMEDPOSITIVE><COSTCENTREALLOCATIONS.LIST><NAME>120251</NAME><AMOUNT>881</AMOUNT></COSTCENTREALLOCATIONS.LIST></CATEGORYALLOCATIONS.LIST></ALLLEDGERENTRIES.LIST></VOUCHER><VOUCHER REMOTEID="120253" VCHTYPE="Payroll" ACTION="Create" OBJVIEW="Accounting Voucher View"><DATE>20210625</DATE><VOUCHERTYPENAME>Payroll</VOUCHERTYPENAME><VOUCHERNUMBER>20210625-001</VOUCHERNUMBER><PARTYLEDGERNAME>Islami Bank Bangladesh Limited</PARTYLEDGERNAME><PERSISTEDVIEW>Accounting Voucher View</PERSISTEDVIEW><ALLLEDGERENTRIES.LIST><LEDGERNAME>Islami Bank Bangladesh Limited</LEDGERNAME><ISDEEMEDPOSITIVE>Yes</ISDEEMEDPOSITIVE><AMOUNT>-891</AMOUNT></ALLLEDGERENTRIES.LIST><ALLLEDGERENTRIES.LIST><LEDGERNAME>G. Contribution of Employee</LEDGERNAME><ISDEEMEDPOSITIVE>No</ISDEEMEDPOSITIVE><AMOUNT>891</AMOUNT><CATEGORYALLOCATIONS.LIST><CATEGORY>Employees</CATEGORY><ISDEEMEDPOSITIVE>No</ISDEEMEDPOSITIVE><COSTCENTREALLOCATIONS.LIST><NAME>120253</NAME><AMOUNT>891</AMOUNT></COSTCENTREALLOCATIONS.LIST></CATEGORYALLOCATIONS.LIST></ALLLEDGERENTRIES.LIST></VOUCHER><VOUCHER REMOTEID="120254" VCHTYPE="Payroll" ACTION="Create" OBJVIEW="Accounting Voucher View"><DATE>20210625</DATE><VOUCHERTYPENAME>Payroll</VOUCHERTYPENAME><VOUCHERNUMBER>20210625-001</VOUCHERNUMBER><PARTYLEDGERNAME>Islami Bank Bangladesh Limited</PARTYLEDGERNAME><PERSISTEDVIEW>Accounting Voucher View</PERSISTEDVIEW><ALLLEDGERENTRIES.LIST><LEDGERNAME>Islami Bank Bangladesh Limited</LEDGERNAME><ISDEEMEDPOSITIVE>Yes</ISDEEMEDPOSITIVE><AMOUNT>-842</AMOUNT></ALLLEDGERENTRIES.LIST><ALLLEDGERENTRIES.LIST><LEDGERNAME>G. Contribution of Employee</LEDGERNAME><ISDEEMEDPOSITIVE>No</ISDEEMEDPOSITIVE><AMOUNT>842</AMOUNT><CATEGORYALLOCATIONS.LIST><CATEGORY>Employees</CATEGORY><ISDEEMEDPOSITIVE>No</ISDEEMEDPOSITIVE><COSTCENTREALLOCATIONS.LIST><NAME>120254</NAME><AMOUNT>842</AMOUNT></COSTCENTREALLOCATIONS.LIST></CATEGORYALLOCATIONS.LIST></ALLLEDGERENTRIES.LIST></VOUCHER><VOUCHER REMOTEID="120269" VCHTYPE="Payroll" ACTION="Create" OBJVIEW="Accounting Voucher View"><DATE>20210625</DATE><VOUCHERTYPENAME>Payroll</VOUCHERTYPENAME><VOUCHERNUMBER>20210625-001</VOUCHERNUMBER><PARTYLEDGERNAME>Islami Bank Bangladesh Limited</PARTYLEDGERNAME><PERSISTEDVIEW>Accounting Voucher View</PERSISTEDVIEW><ALLLEDGERENTRIES.LIST><LEDGERNAME>Islami Bank Bangladesh Limited</LEDGERNAME><ISDEEMEDPOSITIVE>Yes</ISDEEMEDPOSITIVE><AMOUNT>-792</AMOUNT></ALLLEDGERENTRIES.LIST><ALLLEDGERENTRIES.LIST><LEDGERNAME>G. Contribution of Employee</LEDGERNAME><ISDEEMEDPOSITIVE>No</ISDEEMEDPOSITIVE><AMOUNT>792</AMOUNT><CATEGORYALLOCATIONS.LIST><CATEGORY>Employees</CATEGORY><ISDEEMEDPOSITIVE>No</ISDEEMEDPOSITIVE><COSTCENTREALLOCATIONS.LIST><NAME>120269</NAME><AMOUNT>792</AMOUNT></COSTCENTREALLOCATIONS.LIST></CATEGORYALLOCATIONS.LIST></ALLLEDGERENTRIES.LIST></VOUCHER><VOUCHER REMOTEID="120271" VCHTYPE="Payroll" ACTION="Create" OBJVIEW="Accounting Voucher View"><DATE>20210625</DATE><VOUCHERTYPENAME>Payroll</VOUCHERTYPENAME><VOUCHERNUMBER>20210625-001</VOUCHERNUMBER><PARTYLEDGERNAME>Islami Bank Bangladesh Limited</PARTYLEDGERNAME><PERSISTEDVIEW>Accounting Voucher View</PERSISTEDVIEW><ALLLEDGERENTRIES.LIST><LEDGERNAME>Islami Bank Bangladesh Limited</LEDGERNAME><ISDEEMEDPOSITIVE>Yes</ISDEEMEDPOSITIVE><AMOUNT>-792</AMOUNT></ALLLEDGERENTRIES.LIST><ALLLEDGERENTRIES.LIST><LEDGERNAME>G. Contribution of Employee</LEDGERNAME><ISDEEMEDPOSITIVE>No</ISDEEMEDPOSITIVE><AMOUNT>792</AMOUNT><CATEGORYALLOCATIONS.LIST><CATEGORY>Employees</CATEGORY><ISDEEMEDPOSITIVE>No</ISDEEMEDPOSITIVE><COSTCENTREALLOCATIONS.LIST><NAME>120271</NAME><AMOUNT>792</AMOUNT></COSTCENTREALLOCATIONS.LIST></CATEGORYALLOCATIONS.LIST></ALLLEDGERENTRIES.LIST></VOUCHER><VOUCHER REMOTEID="120272" VCHTYPE="Payroll" ACTION="Create" OBJVIEW="Accounting Voucher View"><DATE>20210625</DATE><VOUCHERTYPENAME>Payroll</VOUCHERTYPENAME><VOUCHERNUMBER>20210625-001</VOUCHERNUMBER><PARTYLEDGERNAME>Islami Bank Bangladesh Limited</PARTYLEDGERNAME><PERSISTEDVIEW>Accounting Voucher View</PERSISTEDVIEW><ALLLEDGERENTRIES.LIST><LEDGERNAME>Islami Bank Bangladesh Limited</LEDGERNAME><ISDEEMEDPOSITIVE>Yes</ISDEEMEDPOSITIVE><AMOUNT>-828</AMOUNT></ALLLEDGERENTRIES.LIST><ALLLEDGERENTRIES.LIST><LEDGERNAME>G. Contribution of Employee</LEDGERNAME><ISDEEMEDPOSITIVE>No</ISDEEMEDPOSITIVE><AMOUNT>828</AMOUNT><CATEGORYALLOCATIONS.LIST><CATEGORY>Employees</CATEGORY><ISDEEMEDPOSITIVE>No</ISDEEMEDPOSITIVE><COSTCENTREALLOCATIONS.LIST><NAME>120272</NAME><AMOUNT>828</AMOUNT></COSTCENTREALLOCATIONS.LIST></CATEGORYALLOCATIONS.LIST></ALLLEDGERENTRIES.LIST></VOUCHER><VOUCHER REMOTEID="120298" VCHTYPE="Payroll" ACTION="Create" OBJVIEW="Accounting Voucher View"><DATE>20210625</DATE><VOUCHERTYPENAME>Payroll</VOUCHERTYPENAME><VOUCHERNUMBER>20210625-001</VOUCHERNUMBER><PARTYLEDGERNAME>Islami Bank Bangladesh Limited</PARTYLEDGERNAME><PERSISTEDVIEW>Accounting Voucher View</PERSISTEDVIEW><ALLLEDGERENTRIES.LIST><LEDGERNAME>Islami Bank Bangladesh Limited</LEDGERNAME><ISDEEMEDPOSITIVE>Yes</ISDEEMEDPOSITIVE><AMOUNT>-1073</AMOUNT></ALLLEDGERENTRIES.LIST><ALLLEDGERENTRIES.LIST><LEDGERNAME>G. Contribution of Employee</LEDGERNAME><ISDEEMEDPOSITIVE>No</ISDEEMEDPOSITIVE><AMOUNT>1073</AMOUNT><CATEGORYALLOCATIONS.LIST><CATEGORY>Employees</CATEGORY><ISDEEMEDPOSITIVE>No</ISDEEMEDPOSITIVE><COSTCENTREALLOCATIONS.LIST><NAME>120298</NAME><AMOUNT>1073</AMOUNT></COSTCENTREALLOCATIONS.LIST></CATEGORYALLOCATIONS.LIST></ALLLEDGERENTRIES.LIST></VOUCHER><VOUCHER REMOTEID="120299" VCHTYPE="Payroll" ACTION="Create" OBJVIEW="Accounting Voucher View"><DATE>20210625</DATE><VOUCHERTYPENAME>Payroll</VOUCHERTYPENAME><VOUCHERNUMBER>20210625-001</VOUCHERNUMBER><PARTYLEDGERNAME>Islami Bank Bangladesh Limited</PARTYLEDGERNAME><PERSISTEDVIEW>Accounting Voucher View</PERSISTEDVIEW><ALLLEDGERENTRIES.LIST><LEDGERNAME>Islami Bank Bangladesh Limited</LEDGERNAME><ISDEEMEDPOSITIVE>Yes</ISDEEMEDPOSITIVE><AMOUNT>-792</AMOUNT></ALLLEDGERENTRIES.LIST><ALLLEDGERENTRIES.LIST><LEDGERNAME>G. Contribution of Employee</LEDGERNAME><ISDEEMEDPOSITIVE>No</ISDEEMEDPOSITIVE><AMOUNT>792</AMOUNT><CATEGORYALLOCATIONS.LIST><CATEGORY>Employees</CATEGORY><ISDEEMEDPOSITIVE>No</ISDEEMEDPOSITIVE><COSTCENTREALLOCATIONS.LIST><NAME>120299</NAME><AMOUNT>792</AMOUNT></COSTCENTREALLOCATIONS.LIST></CATEGORYALLOCATIONS.LIST></ALLLEDGERENTRIES.LIST></VOUCHER><VOUCHER REMOTEID="120310" VCHTYPE="Payroll" ACTION="Create" OBJVIEW="Accounting Voucher View"><DATE>20210625</DATE><VOUCHERTYPENAME>Payroll</VOUCHERTYPENAME><VOUCHERNUMBER>20210625-001</VOUCHERNUMBER><PARTYLEDGERNAME>Islami Bank Bangladesh Limited</PARTYLEDGERNAME><PERSISTEDVIEW>Accounting Voucher View</PERSISTEDVIEW><ALLLEDGERENTRIES.LIST><LEDGERNAME>Islami Bank Bangladesh Limited</LEDGERNAME><ISDEEMEDPOSITIVE>Yes</ISDEEMEDPOSITIVE><AMOUNT>-1076</AMOUNT></ALLLEDGERENTRIES.LIST><ALLLEDGERENTRIES.LIST><LEDGERNAME>G. Contribution of Employee</LEDGERNAME><ISDEEMEDPOSITIVE>No</ISDEEMEDPOSITIVE><AMOUNT>1076</AMOUNT><CATEGORYALLOCATIONS.LIST><CATEGORY>Employees</CATEGORY><ISDEEMEDPOSITIVE>No</ISDEEMEDPOSITIVE><COSTCENTREALLOCATIONS.LIST><NAME>120310</NAME><AMOUNT>1076</AMOUNT></COSTCENTREALLOCATIONS.LIST></CATEGORYALLOCATIONS.LIST></ALLLEDGERENTRIES.LIST></VOUCHER><VOUCHER REMOTEID="120311" VCHTYPE="Payroll" ACTION="Create" OBJVIEW="Accounting Voucher View"><DATE>20210625</DATE><VOUCHERTYPENAME>Payroll</VOUCHERTYPENAME><VOUCHERNUMBER>20210625-001</VOUCHERNUMBER><PARTYLEDGERNAME>Islami Bank Bangladesh Limited</PARTYLEDGERNAME><PERSISTEDVIEW>Accounting Voucher View</PERSISTEDVIEW><ALLLEDGERENTRIES.LIST><LEDGERNAME>Islami Bank Bangladesh Limited</LEDGERNAME><ISDEEMEDPOSITIVE>Yes</ISDEEMEDPOSITIVE><AMOUNT>-792</AMOUNT></ALLLEDGERENTRIES.LIST><ALLLEDGERENTRIES.LIST><LEDGERNAME>G. Contribution of Employee</LEDGERNAME><ISDEEMEDPOSITIVE>No</ISDEEMEDPOSITIVE><AMOUNT>792</AMOUNT><CATEGORYALLOCATIONS.LIST><CATEGORY>Employees</CATEGORY><ISDEEMEDPOSITIVE>No</ISDEEMEDPOSITIVE><COSTCENTREALLOCATIONS.LIST><NAME>120311</NAME><AMOUNT>792</AMOUNT></COSTCENTREALLOCATIONS.LIST></CATEGORYALLOCATIONS.LIST></ALLLEDGERENTRIES.LIST></VOUCHER><VOUCHER REMOTEID="120330" VCHTYPE="Payroll" ACTION="Create" OBJVIEW="Accounting Voucher View"><DATE>20210625</DATE><VOUCHERTYPENAME>Payroll</VOUCHERTYPENAME><VOUCHERNUMBER>20210625-001</VOUCHERNUMBER><PARTYLEDGERNAME>Islami Bank Bangladesh Limited</PARTYLEDGERNAME><PERSISTEDVIEW>Accounting Voucher View</PERSISTEDVIEW><ALLLEDGERENTRIES.LIST><LEDGERNAME>Islami Bank Bangladesh Limited</LEDGERNAME><ISDEEMEDPOSITIVE>Yes</ISDEEMEDPOSITIVE><AMOUNT>-762</AMOUNT></ALLLEDGERENTRIES.LIST><ALLLEDGERENTRIES.LIST><LEDGERNAME>G. Contribution of Employee</LEDGERNAME><ISDEEMEDPOSITIVE>No</ISDEEMEDPOSITIVE><AMOUNT>762</AMOUNT><CATEGORYALLOCATIONS.LIST><CATEGORY>Employees</CATEGORY><ISDEEMEDPOSITIVE>No</ISDEEMEDPOSITIVE><COSTCENTREALLOCATIONS.LIST><NAME>120330</NAME><AMOUNT>762</AMOUNT></COSTCENTREALLOCATIONS.LIST></CATEGORYALLOCATIONS.LIST></ALLLEDGERENTRIES.LIST></VOUCHER><VOUCHER REMOTEID="120387" VCHTYPE="Payroll" ACTION="Create" OBJVIEW="Accounting Voucher View"><DATE>20210625</DATE><VOUCHERTYPENAME>Payroll</VOUCHERTYPENAME><VOUCHERNUMBER>20210625-001</VOUCHERNUMBER><PARTYLEDGERNAME>Islami Bank Bangladesh Limited</PARTYLEDGERNAME><PERSISTEDVIEW>Accounting Voucher View</PERSISTEDVIEW><ALLLEDGERENTRIES.LIST><LEDGERNAME>Islami Bank Bangladesh Limited</LEDGERNAME><ISDEEMEDPOSITIVE>Yes</ISDEEMEDPOSITIVE><AMOUNT>-792</AMOUNT></ALLLEDGERENTRIES.LIST><ALLLEDGERENTRIES.LIST><LEDGERNAME>G. Contribution of Employee</LEDGERNAME><ISDEEMEDPOSITIVE>No</ISDEEMEDPOSITIVE><AMOUNT>792</AMOUNT><CATEGORYALLOCATIONS.LIST><CATEGORY>Employees</CATEGORY><ISDEEMEDPOSITIVE>No</ISDEEMEDPOSITIVE><COSTCENTREALLOCATIONS.LIST><NAME>120387</NAME><AMOUNT>792</AMOUNT></COSTCENTREALLOCATIONS.LIST></CATEGORYALLOCATIONS.LIST></ALLLEDGERENTRIES.LIST></VOUCHER><VOUCHER REMOTEID="120389" VCHTYPE="Payroll" ACTION="Create" OBJVIEW="Accounting Voucher View"><DATE>20210625</DATE><VOUCHERTYPENAME>Payroll</VOUCHERTYPENAME><VOUCHERNUMBER>20210625-001</VOUCHERNUMBER><PARTYLEDGERNAME>Islami Bank Bangladesh Limited</PARTYLEDGERNAME><PERSISTEDVIEW>Accounting Voucher View</PERSISTEDVIEW><ALLLEDGERENTRIES.LIST><LEDGERNAME>Islami Bank Bangladesh Limited</LEDGERNAME><ISDEEMEDPOSITIVE>Yes</ISDEEMEDPOSITIVE><AMOUNT>-792</AMOUNT></ALLLEDGERENTRIES.LIST><ALLLEDGERENTRIES.LIST><LEDGERNAME>G. Contribution of Employee</LEDGERNAME><ISDEEMEDPOSITIVE>No</ISDEEMEDPOSITIVE><AMOUNT>792</AMOUNT><CATEGORYALLOCATIONS.LIST><CATEGORY>Employees</CATEGORY><ISDEEMEDPOSITIVE>No</ISDEEMEDPOSITIVE><COSTCENTREALLOCATIONS.LIST><NAME>120389</NAME><AMOUNT>792</AMOUNT></COSTCENTREALLOCATIONS.LIST></CATEGORYALLOCATIONS.LIST></ALLLEDGERENTRIES.LIST></VOUCHER><VOUCHER REMOTEID="120405" VCHTYPE="Payroll" ACTION="Create" OBJVIEW="Accounting Voucher View"><DATE>20210625</DATE><VOUCHERTYPENAME>Payroll</VOUCHERTYPENAME><VOUCHERNUMBER>20210625-001</VOUCHERNUMBER><PARTYLEDGERNAME>Islami Bank Bangladesh Limited</PARTYLEDGERNAME><PERSISTEDVIEW>Accounting Voucher View</PERSISTEDVIEW><ALLLEDGERENTRIES.LIST><LEDGERNAME>Islami Bank Bangladesh Limited</LEDGERNAME><ISDEEMEDPOSITIVE>Yes</ISDEEMEDPOSITIVE><AMOUNT>-792</AMOUNT></ALLLEDGERENTRIES.LIST><ALLLEDGERENTRIES.LIST><LEDGERNAME>G. Contribution of Employee</LEDGERNAME><ISDEEMEDPOSITIVE>No</ISDEEMEDPOSITIVE><AMOUNT>792</AMOUNT><CATEGORYALLOCATIONS.LIST><CATEGORY>Employees</CATEGORY><ISDEEMEDPOSITIVE>No</ISDEEMEDPOSITIVE><COSTCENTREALLOCATIONS.LIST><NAME>120405</NAME><AMOUNT>792</AMOUNT></COSTCENTREALLOCATIONS.LIST></CATEGORYALLOCATIONS.LIST></ALLLEDGERENTRIES.LIST></VOUCHER><VOUCHER REMOTEID="120424" VCHTYPE="Payroll" ACTION="Create" OBJVIEW="Accounting Voucher View"><DATE>20210625</DATE><VOUCHERTYPENAME>Payroll</VOUCHERTYPENAME><VOUCHERNUMBER>20210625-001</VOUCHERNUMBER><PARTYLEDGERNAME>Islami Bank Bangladesh Limited</PARTYLEDGERNAME><PERSISTEDVIEW>Accounting Voucher View</PERSISTEDVIEW><ALLLEDGERENTRIES.LIST><LEDGERNAME>Islami Bank Bangladesh Limited</LEDGERNAME><ISDEEMEDPOSITIVE>Yes</ISDEEMEDPOSITIVE><AMOUNT>-792</AMOUNT></ALLLEDGERENTRIES.LIST><ALLLEDGERENTRIES.LIST><LEDGERNAME>G. Contribution of Employee</LEDGERNAME><ISDEEMEDPOSITIVE>No</ISDEEMEDPOSITIVE><AMOUNT>792</AMOUNT><CATEGORYALLOCATIONS.LIST><CATEGORY>Employees</CATEGORY><ISDEEMEDPOSITIVE>No</ISDEEMEDPOSITIVE><COSTCENTREALLOCATIONS.LIST><NAME>120424</NAME><AMOUNT>792</AMOUNT></COSTCENTREALLOCATIONS.LIST></CATEGORYALLOCATIONS.LIST></ALLLEDGERENTRIES.LIST></VOUCHER><VOUCHER REMOTEID="120452" VCHTYPE="Payroll" ACTION="Create" OBJVIEW="Accounting Voucher View"><DATE>20210625</DATE><VOUCHERTYPENAME>Payroll</VOUCHERTYPENAME><VOUCHERNUMBER>20210625-001</VOUCHERNUMBER><PARTYLEDGERNAME>Islami Bank Bangladesh Limited</PARTYLEDGERNAME><PERSISTEDVIEW>Accounting Voucher View</PERSISTEDVIEW><ALLLEDGERENTRIES.LIST><LEDGERNAME>Islami Bank Bangladesh Limited</LEDGERNAME><ISDEEMEDPOSITIVE>Yes</ISDEEMEDPOSITIVE><AMOUNT>-759</AMOUNT></ALLLEDGERENTRIES.LIST><ALLLEDGERENTRIES.LIST><LEDGERNAME>G. Contribution of Employee</LEDGERNAME><ISDEEMEDPOSITIVE>No</ISDEEMEDPOSITIVE><AMOUNT>759</AMOUNT><CATEGORYALLOCATIONS.LIST><CATEGORY>Employees</CATEGORY><ISDEEMEDPOSITIVE>No</ISDEEMEDPOSITIVE><COSTCENTREALLOCATIONS.LIST><NAME>120452</NAME><AMOUNT>759</AMOUNT></COSTCENTREALLOCATIONS.LIST></CATEGORYALLOCATIONS.LIST></ALLLEDGERENTRIES.LIST></VOUCHER><VOUCHER REMOTEID="120456" VCHTYPE="Payroll" ACTION="Create" OBJVIEW="Accounting Voucher View"><DATE>20210625</DATE><VOUCHERTYPENAME>Payroll</VOUCHERTYPENAME><VOUCHERNUMBER>20210625-001</VOUCHERNUMBER><PARTYLEDGERNAME>Islami Bank Bangladesh Limited</PARTYLEDGERNAME><PERSISTEDVIEW>Accounting Voucher View</PERSISTEDVIEW><ALLLEDGERENTRIES.LIST><LEDGERNAME>Islami Bank Bangladesh Limited</LEDGERNAME><ISDEEMEDPOSITIVE>Yes</ISDEEMEDPOSITIVE><AMOUNT>-700</AMOUNT></ALLLEDGERENTRIES.LIST><ALLLEDGERENTRIES.LIST><LEDGERNAME>G. Contribution of Employee</LEDGERNAME><ISDEEMEDPOSITIVE>No</ISDEEMEDPOSITIVE><AMOUNT>700</AMOUNT><CATEGORYALLOCATIONS.LIST><CATEGORY>Employees</CATEGORY><ISDEEMEDPOSITIVE>No</ISDEEMEDPOSITIVE><COSTCENTREALLOCATIONS.LIST><NAME>120456</NAME><AMOUNT>700</AMOUNT></COSTCENTREALLOCATIONS.LIST></CATEGORYALLOCATIONS.LIST></ALLLEDGERENTRIES.LIST></VOUCHER><VOUCHER REMOTEID="120479" VCHTYPE="Payroll" ACTION="Create" OBJVIEW="Accounting Voucher View"><DATE>20210625</DATE><VOUCHERTYPENAME>Payroll</VOUCHERTYPENAME><VOUCHERNUMBER>20210625-001</VOUCHERNUMBER><PARTYLEDGERNAME>Islami Bank Bangladesh Limited</PARTYLEDGERNAME><PERSISTEDVIEW>Accounting Voucher View</PERSISTEDVIEW><ALLLEDGERENTRIES.LIST><LEDGERNAME>Islami Bank Bangladesh Limited</LEDGERNAME><ISDEEMEDPOSITIVE>Yes</ISDEEMEDPOSITIVE><AMOUNT>-683</AMOUNT></ALLLEDGERENTRIES.LIST><ALLLEDGERENTRIES.LIST><LEDGERNAME>G. Contribution of Employee</LEDGERNAME><ISDEEMEDPOSITIVE>No</ISDEEMEDPOSITIVE><AMOUNT>683</AMOUNT><CATEGORYALLOCATIONS.LIST><CATEGORY>Employees</CATEGORY><ISDEEMEDPOSITIVE>No</ISDEEMEDPOSITIVE><COSTCENTREALLOCATIONS.LIST><NAME>120479</NAME><AMOUNT>683</AMOUNT></COSTCENTREALLOCATIONS.LIST></CATEGORYALLOCATIONS.LIST></ALLLEDGERENTRIES.LIST></VOUCHER><VOUCHER REMOTEID="120480" VCHTYPE="Payroll" ACTION="Create" OBJVIEW="Accounting Voucher View"><DATE>20210625</DATE><VOUCHERTYPENAME>Payroll</VOUCHERTYPENAME><VOUCHERNUMBER>20210625-001</VOUCHERNUMBER><PARTYLEDGERNAME>Islami Bank Bangladesh Limited</PARTYLEDGERNAME><PERSISTEDVIEW>Accounting Voucher View</PERSISTEDVIEW><ALLLEDGERENTRIES.LIST><LEDGERNAME>Islami Bank Bangladesh Limited</LEDGERNAME><ISDEEMEDPOSITIVE>Yes</ISDEEMEDPOSITIVE><AMOUNT>-568</AMOUNT></ALLLEDGERENTRIES.LIST><ALLLEDGERENTRIES.LIST><LEDGERNAME>G. Contribution of Employee</LEDGERNAME><ISDEEMEDPOSITIVE>No</ISDEEMEDPOSITIVE><AMOUNT>568</AMOUNT><CATEGORYALLOCATIONS.LIST><CATEGORY>Employees</CATEGORY><ISDEEMEDPOSITIVE>No</ISDEEMEDPOSITIVE><COSTCENTREALLOCATIONS.LIST><NAME>120480</NAME><AMOUNT>568</AMOUNT></COSTCENTREALLOCATIONS.LIST></CATEGORYALLOCATIONS.LIST></ALLLEDGERENTRIES.LIST></VOUCHER><VOUCHER REMOTEID="120625" VCHTYPE="Payroll" ACTION="Create" OBJVIEW="Accounting Voucher View"><DATE>20210625</DATE><VOUCHERTYPENAME>Payroll</VOUCHERTYPENAME><VOUCHERNUMBER>20210625-001</VOUCHERNUMBER><PARTYLEDGERNAME>Islami Bank Bangladesh Limited</PARTYLEDGERNAME><PERSISTEDVIEW>Accounting Voucher View</PERSISTEDVIEW><ALLLEDGERENTRIES.LIST><LEDGERNAME>Islami Bank Bangladesh Limited</LEDGERNAME><ISDEEMEDPOSITIVE>Yes</ISDEEMEDPOSITIVE><AMOUNT>-809</AMOUNT></ALLLEDGERENTRIES.LIST><ALLLEDGERENTRIES.LIST><LEDGERNAME>G. Contribution of Employee</LEDGERNAME><ISDEEMEDPOSITIVE>No</ISDEEMEDPOSITIVE><AMOUNT>809</AMOUNT><CATEGORYALLOCATIONS.LIST><CATEGORY>Employees</CATEGORY><ISDEEMEDPOSITIVE>No</ISDEEMEDPOSITIVE><COSTCENTREALLOCATIONS.LIST><NAME>120625</NAME><AMOUNT>809</AMOUNT></COSTCENTREALLOCATIONS.LIST></CATEGORYALLOCATIONS.LIST></ALLLEDGERENTRIES.LIST></VOUCHER><VOUCHER REMOTEID="120632" VCHTYPE="Payroll" ACTION="Create" OBJVIEW="Accounting Voucher View"><DATE>20210625</DATE><VOUCHERTYPENAME>Payroll</VOUCHERTYPENAME><VOUCHERNUMBER>20210625-001</VOUCHERNUMBER><PARTYLEDGERNAME>Islami Bank Bangladesh Limited</PARTYLEDGERNAME><PERSISTEDVIEW>Accounting Voucher View</PERSISTEDVIEW><ALLLEDGERENTRIES.LIST><LEDGERNAME>Islami Bank Bangladesh Limited</LEDGERNAME><ISDEEMEDPOSITIVE>Yes</ISDEEMEDPOSITIVE><AMOUNT>-934</AMOUNT></ALLLEDGERENTRIES.LIST><ALLLEDGERENTRIES.LIST><LEDGERNAME>G. Contribution of Employee</LEDGERNAME><ISDEEMEDPOSITIVE>No</ISDEEMEDPOSITIVE><AMOUNT>934</AMOUNT><CATEGORYALLOCATIONS.LIST><CATEGORY>Employees</CATEGORY><ISDEEMEDPOSITIVE>No</ISDEEMEDPOSITIVE><COSTCENTREALLOCATIONS.LIST><NAME>120632</NAME><AMOUNT>934</AMOUNT></COSTCENTREALLOCATIONS.LIST></CATEGORYALLOCATIONS.LIST></ALLLEDGERENTRIES.LIST></VOUCHER><VOUCHER REMOTEID="130467" VCHTYPE="Payroll" ACTION="Create" OBJVIEW="Accounting Voucher View"><DATE>20210625</DATE><VOUCHERTYPENAME>Payroll</VOUCHERTYPENAME><VOUCHERNUMBER>20210625-001</VOUCHERNUMBER><PARTYLEDGERNAME>Islami Bank Bangladesh Limited</PARTYLEDGERNAME><PERSISTEDVIEW>Accounting Voucher View</PERSISTEDVIEW><ALLLEDGERENTRIES.LIST><LEDGERNAME>Islami Bank Bangladesh Limited</LEDGERNAME><ISDEEMEDPOSITIVE>Yes</ISDEEMEDPOSITIVE><AMOUNT>-462</AMOUNT></ALLLEDGERENTRIES.LIST><ALLLEDGERENTRIES.LIST><LEDGERNAME>G. Contribution of Employee</LEDGERNAME><ISDEEMEDPOSITIVE>No</ISDEEMEDPOSITIVE><AMOUNT>462</AMOUNT><CATEGORYALLOCATIONS.LIST><CATEGORY>Employees</CATEGORY><ISDEEMEDPOSITIVE>No</ISDEEMEDPOSITIVE><COSTCENTREALLOCATIONS.LIST><NAME>130467</NAME><AMOUNT>462</AMOUNT></COSTCENTREALLOCATIONS.LIST></CATEGORYALLOCATIONS.LIST></ALLLEDGERENTRIES.LIST></VOUCHER><VOUCHER REMOTEID="130528" VCHTYPE="Payroll" ACTION="Create" OBJVIEW="Accounting Voucher View"><DATE>20210625</DATE><VOUCHERTYPENAME>Payroll</VOUCHERTYPENAME><VOUCHERNUMBER>20210625-001</VOUCHERNUMBER><PARTYLEDGERNAME>Islami Bank Bangladesh Limited</PARTYLEDGERNAME><PERSISTEDVIEW>Accounting Voucher View</PERSISTEDVIEW><ALLLEDGERENTRIES.LIST><LEDGERNAME>Islami Bank Bangladesh Limited</LEDGERNAME><ISDEEMEDPOSITIVE>Yes</ISDEEMEDPOSITIVE><AMOUNT>-380</AMOUNT></ALLLEDGERENTRIES.LIST><ALLLEDGERENTRIES.LIST><LEDGERNAME>G. Contribution of Employee</LEDGERNAME><ISDEEMEDPOSITIVE>No</ISDEEMEDPOSITIVE><AMOUNT>380</AMOUNT><CATEGORYALLOCATIONS.LIST><CATEGORY>Employees</CATEGORY><ISDEEMEDPOSITIVE>No</ISDEEMEDPOSITIVE><COSTCENTREALLOCATIONS.LIST><NAME>130528</NAME><AMOUNT>380</AMOUNT></COSTCENTREALLOCATIONS.LIST></CATEGORYALLOCATIONS.LIST></ALLLEDGERENTRIES.LIST></VOUCHER><VOUCHER REMOTEID="130582" VCHTYPE="Payroll" ACTION="Create" OBJVIEW="Accounting Voucher View"><DATE>20210625</DATE><VOUCHERTYPENAME>Payroll</VOUCHERTYPENAME><VOUCHERNUMBER>20210625-001</VOUCHERNUMBER><PARTYLEDGERNAME>Islami Bank Bangladesh Limited</PARTYLEDGERNAME><PERSISTEDVIEW>Accounting Voucher View</PERSISTEDVIEW><ALLLEDGERENTRIES.LIST><LEDGERNAME>Islami Bank Bangladesh Limited</LEDGERNAME><ISDEEMEDPOSITIVE>Yes</ISDEEMEDPOSITIVE><AMOUNT>-462</AMOUNT></ALLLEDGERENTRIES.LIST><ALLLEDGERENTRIES.LIST><LEDGERNAME>G. Contribution of Employee</LEDGERNAME><ISDEEMEDPOSITIVE>No</ISDEEMEDPOSITIVE><AMOUNT>462</AMOUNT><CATEGORYALLOCATIONS.LIST><CATEGORY>Employees</CATEGORY><ISDEEMEDPOSITIVE>No</ISDEEMEDPOSITIVE><COSTCENTREALLOCATIONS.LIST><NAME>130582</NAME><AMOUNT>462</AMOUNT></COSTCENTREALLOCATIONS.LIST></CATEGORYALLOCATIONS.LIST></ALLLEDGERENTRIES.LIST></VOUCHER><VOUCHER REMOTEID="130630" VCHTYPE="Payroll" ACTION="Create" OBJVIEW="Accounting Voucher View"><DATE>20210625</DATE><VOUCHERTYPENAME>Payroll</VOUCHERTYPENAME><VOUCHERNUMBER>20210625-001</VOUCHERNUMBER><PARTYLEDGERNAME>Islami Bank Bangladesh Limited</PARTYLEDGERNAME><PERSISTEDVIEW>Accounting Voucher View</PERSISTEDVIEW><ALLLEDGERENTRIES.LIST><LEDGERNAME>Islami Bank Bangladesh Limited</LEDGERNAME><ISDEEMEDPOSITIVE>Yes</ISDEEMEDPOSITIVE><AMOUNT>-363</AMOUNT></ALLLEDGERENTRIES.LIST><ALLLEDGERENTRIES.LIST><LEDGERNAME>G. Contribution of Employee</LEDGERNAME><ISDEEMEDPOSITIVE>No</ISDEEMEDPOSITIVE><AMOUNT>363</AMOUNT><CATEGORYALLOCATIONS.LIST><CATEGORY>Employees</CATEGORY><ISDEEMEDPOSITIVE>No</ISDEEMEDPOSITIVE><COSTCENTREALLOCATIONS.LIST><NAME>130630</NAME><AMOUNT>363</AMOUNT></COSTCENTREALLOCATIONS.LIST></CATEGORYALLOCATIONS.LIST></ALLLEDGERENTRIES.LIST></VOUCHER></TALLYMESSAGE></REQUESTDATA></IMPORTDATA></BODY></ENVELOPE>